@incollection{Argote2013-1,
	address = {Boston, MA},
	author = {Argote, Linda},
	booktitle = {Organizational Learning},
	chapter = {1},
	doi = {10.1007/978-1-4614-5251-5_1},
	edition = {2nd},
	mendeley-groups = {Papers/Corporate Pace/Learning},
	pages = {1--29},
	publisher = {Springer US},
	title = {{Organizational Learning Curves: An Overview}},
	url = {http://link.springer.com/10.1007/978-1-4614-5251-5_1},
	year = {2013}
}

@article{Argote2011,
	author = {Argote, Linda and Miron-Spektor, Ella},
	doi = {10.1287/orsc.1100.0621},
	file = {:home/julian/Documents/Mendeley Desktop/Argote, Miron-Spektor/Argote, Miron-Spektor - 2011 - Organizational Learning From Experience to Knowledge.pdf:pdf},
	issn = {1047-7039},
	journal = {Organization Science},
	keywords = {Creativity,Innovation,Knowledge transfer,Learning curves,Organizational learning,Organizational memory},
	mendeley-groups = {Theories/Small T theories/Learning,Papers/Corporate Pace/Learning/Fundamentals},
	number = {5},
	pages = {1123--1137},
	title = {{Organizational Learning: From Experience to Knowledge}},
	url = {http://pubsonline.informs.org/doi/abs/10.1287/orsc.1100.0621},
	volume = {22},
	year = {2011}
}

@article{Bingham2011,
	author = {Bingham, Christopher B. and Eisenhardt, Kathleen M.},
	doi = {10.1002/smj.965},
	file = {:home/julian/Documents/Mendeley Desktop/Bingham, Eisenhardt/Bingham, Eisenhardt - 2011 - Rational Heuristics The ‘Simple Rules' That Strategists Learn from Process Experience(2).pdf:pdf},
	isbn = {1097-0266},
	issn = {01432095},
	journal = {Strategic Management Journal},
	keywords = {bingham,capabilities,christopher b,cognition,correspondence to,heuristics,hill,kenan-flagler business school,learning,north carolina at chapel,processes for growth,strategy,the university of},
	mendeley-groups = {Theories/Small T theories/Learning},
	month = {dec},
	number = {13},
	pages = {1437--1464},
	title = {{Rational Heuristics: The ‘Simple Rules' That Strategists Learn from Process Experience}},
	url = {http://doi.wiley.com/10.1002/smj.965},
	volume = {32},
	year = {2011}
}

@techreport{Consulting2006,
	author = {{DNV Consulting}},
	file = {:home/julian/Documents/Mendeley Desktop/DNV Consulting/DNV Consulting - 2006 - Frequency-Volume Study of Keystone Pipeline Report for TransCanada PipeLines Limited.pdf:pdf},
	mendeley-groups = {Phenomena/Pipeline spills/Keystone},
	pages = {27},
	title = {{Frequency-Volume Study of Keystone Pipeline: Report for TransCanada PipeLines Limited}},
	url = {https://puc.sd.gov/commission/dockets/HydrocarbonPipeline/2007/HP07-001/Disk/Exhibit C/1 July 06/Risk assessment filed July, 2006/DNV Frequency Volume Study Appendix A.pdf},
	year = {2006}
}

@article{Delmas2011,
	author = {Delmas, Magali A. and Burbano, Vanessa Cuerel},
	doi = {10.1525/cmr.2011.54.1.64},
	file = {:home/julian/Documents/Mendeley Desktop/Delmas, Burbano/Delmas, Burbano - 2011 - The Drivers of Greenwashing.pdf:pdf},
	isbn = {5002005195},
	issn = {0008-1256},
	journal = {California Management Review},
	mendeley-groups = {Papers/Term papers/Impression management,Theories/Small T theories/Greenwashing},
	number = {1},
	pages = {64--87},
	pmid = {2013539},
	title = {{The Drivers of Greenwashing}},
	url = {http://journals.sagepub.com/doi/10.1525/cmr.2011.54.1.64},
	volume = {54},
	year = {2011}
}

@article{Eccles2019,
	author = {Eccles, Robert G. and Lee, Linda-Eling and Stroehle, Judith C.},
	doi = {10.1177/1086026619888994},
	file = {:home/julian/Documents/Mendeley Desktop/Eccles, Lee, Stroehle/Eccles, Lee, Stroehle - 2019 - The Social Origins of ESG An Analysis of Innovest and KLD.pdf:pdf},
	issn = {1086-0266},
	journal = {Organization \& Environment},
	keywords = {esg,materiality,nonfinancial data,social construction,sustainable investing},
	mendeley-groups = {Theories/Small T theories/ESG indicators},
	pages = {1--22},
	title = {{The Social Origins of ESG: An Analysis of Innovest and KLD}},
	url = {http://journals.sagepub.com/doi/10.1177/1086026619888994},
	year = {2019}
}

@article{George2015,
	author = {George, Gerard and Schillebeeckx, Simon J. D. and Liak, Teng Lit},
	doi = {10.5465/amj.2015.4006},
	file = {:home/julian/Documents/Mendeley Desktop/George, Schillebeeckx, Liak/George, Schillebeeckx, Liak - 2015 - The Management of Natural Resources An Overview and Research Agenda.pdf:pdf},
	issn = {0001-4273},
	journal = {Academy of Management Journal},
	mendeley-groups = {Theories/Small T theories/Grand challenges},
	number = {6},
	pages = {1595--1613},
	title = {{The Management of Natural Resources: An Overview and Research Agenda}},
	url = {http://journals.aom.org/doi/10.5465/amj.2015.4006},
	volume = {58},
	year = {2015}
}

@article{Kassinis2018,
	author = {Kassinis, George and Panayiotou, Alexia},
	doi = {10.1177/1086026616687014},
	file = {:home/julian/Documents/Mendeley Desktop/Kassinis, Panayiotou/Kassinis, Panayiotou - 2018 - Visuality as Greenwashing The Case of BP and Deepwater Horizon.pdf:pdf},
	isbn = {1086026616},
	issn = {1086-0266},
	journal = {Organization \& Environment},
	keywords = {BP,environmental disaster,green communication,greenwashing,visual imagery,visual semiotic methods,visuality,website},
	mendeley-groups = {Theories/Small T theories/Greenwashing/Post-2015/def},
	month = {mar},
	number = {1},
	pages = {25--47},
	title = {{Visuality as Greenwashing: The Case of BP and Deepwater Horizon}},
	url = {http://journals.sagepub.com/doi/10.1177/1086026616687014},
	volume = {31},
	year = {2018}
}

@article{Kim2015,
	author = {Kim, Eun-Hee and Lyon, Thomas P.},
	doi = {10.1287/orsc.2014.0949},
	file = {:home/julian/Documents/Mendeley Desktop/Kim, Lyon/Kim, Lyon - 2015 - Greenwash vs. Brownwash Exaggeration and Undue Modesty in Corporate Sustainability Disclosure.pdf:pdf},
	journal = {Organization Science},
	keywords = {brownwash,greenhouse,greenwash,information disclosures,sustainability,symbolic management},
	mendeley-groups = {Theories/Small T theories/Greenwashing,Methods/Panel regression/FE},
	number = {3},
	pages = {705--723},
	title = {{Greenwash vs. Brownwash: Exaggeration and Undue Modesty in Corporate Sustainability Disclosure}},
	url = {http://pubsonline.informs.org/doi/10.1287/orsc.2014.0949},
	volume = {26},
	year = {2015}
}

@article{Laufer2003,
	author = {Laufer, William S.},
	doi = {10.1023/A:1022962719299},
	file = {:home/julian/Documents/Mendeley Desktop/Laufer/Laufer - 2003 - Social Accountability and Corporate Greenwashing(2).pdf:pdf},
	issn = {01674544},
	journal = {Journal of Business Ethics},
	mendeley-groups = {Papers/Term papers/Impression management,Theories/Small T theories/Greenwashing/Pre-2011},
	number = {3},
	pages = {253--261},
	title = {{Social Accountability and Corporate Greenwashing}},
	url = {http://link.springer.com/10.1023/A:1022962719299},
	volume = {43},
	year = {2003}
}

@article{Levitt1988,
	doi = {10.1146/annurev.so.14.080188.001535},
	file = {:home/julian/Documents/Mendeley Desktop/Levitt, March/Levitt, March - 1988 - Organizational Learning.pdf:pdf},
	journal = {Annual Review of Sociology},
	mendeley-groups = {Papers/Corporate Pace/Learning,Theories/Small T theories/Learning},
	number = {1},
	pages = {319--338},
	publisher = {Springer International Publishing},
	title = {{Organizational Learning}},
	url = {http://www.annualreviews.org/doi/10.1146/annurev.so.14.080188.001535},
	volume = {14},
	year = {1988}
}

@article{Lyon2011,
	author = {Lyon, Thomas P. and Maxwell, John W.},
	doi = {10.1111/j.1530-9134.2010.00282.x},
	file = {:home/julian/Documents/Mendeley Desktop/Lyon, Maxwell/Lyon, Maxwell - 2011 - Greenwash Corporate Environmental Disclosure under Threat of Audit.pdf:pdf},
	issn = {10586407},
	journal = {Journal of Economics \& Management Strategy},
	mendeley-groups = {Theories/Small T theories/Greenwashing},
	number = {1},
	pages = {3--41},
	title = {{Greenwash: Corporate Environmental Disclosure under Threat of Audit}},
	url = {http://doi.wiley.com/10.1111/j.1530-9134.2010.00282.x},
	volume = {20},
	year = {2011}
}

@article{Lyon2015,
	author = {Lyon, Thomas P. and Montgomery, A. Wren},
	doi = {10.1177/1086026615575332},
	file = {:home/julian/Documents/Mendeley Desktop/Lyon, Montgomery/Lyon, Montgomery - 2015 - The Means and End of Greenwash.pdf:pdf},
	journal = {Organization \& Environment},
	keywords = {corporate social responsibility,decoupling,greenwash,information,symbolic management},
	mendeley-groups = {Papers/Term papers/Impression management,Papers/Comps/Day III,Theories/Small T theories/Greenwashing},
	number = {2},
	pages = {223--249},
	title = {{The Means and End of Greenwash}},
	url = {http://journals.sagepub.com/doi/10.1177/1086026615575332},
	volume = {28},
	year = {2015}
}

@article{Madsen2009,
	author = {Madsen, Peter M.},
	doi = {10.1287/orsc.1080.0396},
	file = {:home/julian/Documents/Mendeley Desktop/Madsen/Madsen - 2009 - These Lives Will Not Be Lost in Vain Organizational Learning from Disaster in U.S. Coal Mining.pdf:pdf},
	issn = {1047-7039},
	journal = {Organization Science},
	keywords = {Disaster,High-reliability organizations,Organizational learning},
	mendeley-groups = {Theories/Small T theories/Learning,Theories/Small T theories/Learning/Safety},
	month = {oct},
	number = {5},
	pages = {861--875},
	title = {{These Lives Will Not Be Lost in Vain: Organizational Learning from Disaster in U.S. Coal Mining}},
	url = {http://pubsonline.informs.org/doi/abs/10.1287/orsc.1080.0396},
	volume = {20},
	year = {2009}
}

@article{Madsen2010,
	author = {Madsen, Peter M. and Desai, Vinit},
	doi = {10.5465/amj.2010.51467631},
	file = {:home/julian/Documents/Mendeley Desktop/Madsen, Desai/Madsen, Desai - 2010 - Failing to Learn The Effects of Failure and Success on Organizational Learning in the Global Orbital Launch Vehic.pdf:pdf},
	journal = {Academy of Management Journal},
	mendeley-groups = {Papers/Corporate Pace/Learning/Classics,Course/Fall 2017/Organizational Theory/#09 - Learning & Sensemaking,Papers/Corporate Pace/Learning/From others success,Theories/Small T theories,Theories/Small T theories/Sensemaking,Theories/Small T theories/Learning,Theories/Small T theories/Learning/Madsen and Desai,Theories/Small T theories/Learning/Failure},
	number = {3},
	pages = {451--476},
	title = {{Failing to Learn? The Effects of Failure and Success on Organizational Learning in the Global Orbital Launch Vehicle Industry}},
	url = {http://amj.aom.org/cgi/doi/10.5465/AMJ.2010.51467631},
	volume = {53},
	year = {2010}
}

@book{March1963,
	address = {Englewood Cliffs, NJ},
	author = {Cyert, Richard M. and March, James G.},
	pages = {332},
	publisher = {Prentice-Hall},
	title = {{A Behavioral Theory of the Firm}},
	year = {1963}
}

@book{March2010,
	address = {Ithaca and London},
	author = {March, James G.},
	pages = {152},
	publisher = {Cornell University Press},
	title = {{The Ambiguities of Experience}},
	year = {2010}
}

@article{Marquis2016,
	author = {Marquis, Christopher and Toffel, Michael W and Zhou, Yanhua},
	doi = {10.1287/orsc.2015.1039},
	file = {:home/julian/Documents/Mendeley Desktop/Marquis, Toffel, Zhou/Marquis, Toffel, Zhou - 2016 - Scrutiny, Norms, and Selective Disclosure A Global Study of Greenwashing.pdf:pdf},
	issn = {1047-7039},
	journal = {Organization Science},
	keywords = {2016,civil society,corporate social responsibility,globalization,greenwashing,history,in advance february 2,information disclosure,institutional theory,published online in articles,social movements,sustainability,sustainability reporting,symbolic management},
	mendeley-groups = {Papers/Term papers/Impression management,Theories/Small T theories/Greenwashing/Post-2015,Theories/Small T theories/Greenwashing/Post-2015/def},
	number = {2},
	pages = {483--504},
	title = {{Scrutiny, Norms, and Selective Disclosure: A Global Study of Greenwashing}},
	url = {http://pubsonline.informs.org/doi/10.1287/orsc.2015.1039},
	volume = {27},
	year = {2016}
}

@article{Maslach2018,
	author = {Maslach, David and Branzei, Oana and Rerup, Claus and Zbaracki, Mark J.},
	doi = {10.1287/orsc.2017.1179},
	file = {:home/julian/Documents/Mendeley Desktop/Maslach et al/Maslach et al. - 2018 - Noise as Signal in Learning from Rare Events.pdf:pdf},
	journal = {Organization Science},
	keywords = {Learning from failure,Public repositories,Rare events,Vicarious learning},
	mendeley-groups = {Papers/Corporate Pace/Learning,Papers/Corporate Pace/Learning/Vicarious learning,Theories/Small T theories/Learning},
	number = {2},
	pages = {225--246},
	title = {{Noise as Signal in Learning from Rare Events}},
	url = {http://pubsonline.informs.org/doi/10.1287/orsc.2017.1179},
	volume = {29},
	year = {2018}
}

@article{Ramus2005,
	author = {Ramus, Catherine A. and Montiel, Ivan},
	doi = {10.1177/0007650305278120},
	file = {:home/julian/Documents/Mendeley Desktop/Ramus, Montiel/Ramus, Montiel - 2005 - When Are Corporate Environmental Policies a Form of Greenwashing.pdf:pdf},
	issn = {0007-6503},
	journal = {Business \& Society},
	keywords = {Corporate commitment,Corporate environmental management,Corporate environmental policy,Environment policy implementation,Greenwashing},
	mendeley-groups = {Theories/Small T theories/Greenwashing/Pre-2011},
	number = {4},
	pages = {377--414},
	title = {{When Are Corporate Environmental Policies a Form of Greenwashing?}},
	url = {http://journals.sagepub.com/doi/10.1177/0007650305278120},
	volume = {44},
	year = {2005}
}

@unpublished{Rerup2020,
	author = {Rerup, Claus and Zbaracki, Mark J.},
	file = {:home/julian/Documents/Mendeley Desktop/Rerup, Zbaracki/Rerup, Zbaracki - 2020 - The Politics of Learning from Rare Events.pdf:pdf},
	keywords = {conflict,learning from rare events,politics,population level learning},
	pages = {52},
	title = {{The Politics of Learning from Rare Events}},
	year = {2020}
}

@techreport{Stansbury2011,
	author = {Stansbury, John},
	file = {:home/julian/Documents/Mendeley Desktop/Stansbury/Stansbury - 2011 - Analysis of Frequency, Magnitude and Consequence of Worst-Case Spills From the Proposed Keystone XL Pipeline.pdf:pdf},
	institution = {University of Nebraska--Lincoln Water Center},
	mendeley-groups = {Phenomena/Pipeline spills/Keystone},
	pages = {19},
	title = {{Analysis of Frequency, Magnitude and Consequence of Worst-Case Spills From the Proposed Keystone XL Pipeline}},
	url = {https://engineering.unl.edu/downloads/civil/Worst-case-Keystone-spills-report-dis.pdf},
	year = {2011}
}

@article{Wright2017,
	author = {Wright, Christopher and Nyberg, Daniel},
	doi = {10.5465/amj.2015.0718},
	file = {:home/julian/Documents/Mendeley Desktop/Wright, Nyberg/Wright, Nyberg - 2017 - An Inconvenient Truth How Organizations Translate Climate Change into Business As Usual.pdf:pdf;:home/julian/Documents/Mendeley Desktop/Wright, Nyberg/Wright, Nyberg - 2017 - An Inconvenient Truth How Organizations Translate Climate Change into Business As Usual(2).pdf:pdf},
	issn = {0001-4273},
	journal = {Academy of Management Journal},
	mendeley-groups = {Course/Fall 2017/Business Sustainability/#02 - Mainstream Business},
	number = {5},
	pages = {1633--1661},
	title = {{An Inconvenient Truth: How Organizations Translate Climate Change into Business as Usual}},
	url = {http://amj.aom.org/cgi/doi/10.5465/amj.2015.0718 http://journals.aom.org/doi/10.5465/amj.2015.0718},
	volume = {60},
	year = {2017}
}