@article{Eccles2019,
	author = {Eccles, Robert G. and Lee, Linda-Eling and Stroehle, Judith C.},
	doi = {10.1177/1086026619888994},
	file = {:home/julian/Documents/Mendeley Desktop/Eccles, Lee, Stroehle/Eccles, Lee, Stroehle - 2019 - The Social Origins of ESG An Analysis of Innovest and KLD.pdf:pdf},
	issn = {1086-0266},
	journal = {Organization \& Environment},
	keywords = {esg,materiality,nonfinancial data,social construction,sustainable investing},
	mendeley-groups = {Theories/Small T theories/ESG indicators},
	pages = {1--22},
	title = {{The Social Origins of ESG: An Analysis of Innovest and KLD}},
	url = {http://journals.sagepub.com/doi/10.1177/1086026619888994},
	year = {2019}
}

@article{George2015,
	author = {George, Gerard and Schillebeeckx, Simon J. D. and Liak, Teng Lit},
	doi = {10.5465/amj.2015.4006},
	file = {:home/julian/Documents/Mendeley Desktop/George, Schillebeeckx, Liak/George, Schillebeeckx, Liak - 2015 - The Management of Natural Resources An Overview and Research Agenda.pdf:pdf},
	issn = {0001-4273},
	journal = {Academy of Management Journal},
	mendeley-groups = {Theories/Small T theories/Grand challenges},
	number = {6},
	pages = {1595--1613},
	title = {{The Management of Natural Resources: An Overview and Research Agenda}},
	url = {http://journals.aom.org/doi/10.5465/amj.2015.4006},
	volume = {58},
	year = {2015}
}

@article{Lyon2015,
	author = {Lyon, Thomas P. and Montgomery, A. Wren},
	doi = {10.1177/1086026615575332},
	file = {:home/julian/Documents/Mendeley Desktop/Lyon, Montgomery/Lyon, Montgomery - 2015 - The Means and End of Greenwash.pdf:pdf},
	journal = {Organization \& Environment},
	keywords = {corporate social responsibility,decoupling,greenwash,information,symbolic management},
	mendeley-groups = {Papers/Term papers/Impression management,Papers/Comps/Day III,Theories/Small T theories/Greenwashing},
	number = {2},
	pages = {223--249},
	title = {{The Means and End of Greenwash}},
	url = {http://journals.sagepub.com/doi/10.1177/1086026615575332},
	volume = {28},
	year = {2015}
}

@article{Madsen2009,
	author = {Madsen, Peter M.},
	doi = {10.1287/orsc.1080.0396},
	file = {:home/julian/Documents/Mendeley Desktop/Madsen/Madsen - 2009 - These Lives Will Not Be Lost in Vain Organizational Learning from Disaster in U.S. Coal Mining.pdf:pdf},
	issn = {1047-7039},
	journal = {Organization Science},
	keywords = {Disaster,High-reliability organizations,Organizational learning},
	mendeley-groups = {Theories/Small T theories/Learning,Theories/Small T theories/Learning/Safety},
	month = {oct},
	number = {5},
	pages = {861--875},
	title = {{These Lives Will Not Be Lost in Vain: Organizational Learning from Disaster in U.S. Coal Mining}},
	url = {http://pubsonline.informs.org/doi/abs/10.1287/orsc.1080.0396},
	volume = {20},
	year = {2009}
}

@article{Madsen2010,
	author = {Madsen, Peter M. and Desai, Vinit},
	doi = {10.5465/amj.2010.51467631},
	file = {:home/julian/Documents/Mendeley Desktop/Madsen, Desai/Madsen, Desai - 2010 - Failing to Learn The Effects of Failure and Success on Organizational Learning in the Global Orbital Launch Vehic.pdf:pdf},
	journal = {Academy of Management Journal},
	mendeley-groups = {Papers/Corporate Pace/Learning/Classics,Course/Fall 2017/Organizational Theory/#09 - Learning & Sensemaking,Papers/Corporate Pace/Learning/From others success,Theories/Small T theories,Theories/Small T theories/Sensemaking,Theories/Small T theories/Learning,Theories/Small T theories/Learning/Madsen and Desai,Theories/Small T theories/Learning/Failure},
	number = {3},
	pages = {451--476},
	title = {{Failing to Learn? The Effects of Failure and Success on Organizational Learning in the Global Orbital Launch Vehicle Industry}},
	url = {http://amj.aom.org/cgi/doi/10.5465/AMJ.2010.51467631},
	volume = {53},
	year = {2010}
}

@article{Wright2017,
	author = {Wright, Christopher and Nyberg, Daniel},
	doi = {10.5465/amj.2015.0718},
	file = {:home/julian/Documents/Mendeley Desktop/Wright, Nyberg/Wright, Nyberg - 2017 - An Inconvenient Truth How Organizations Translate Climate Change into Business As Usual.pdf:pdf},
	issn = {0001-4273},
	journal = {Academy of Management Journal},
	mendeley-groups = {Course/Fall 2017/Business Sustainability/#02 - Mainstream Business},
	pages = {1633--1661},
	title = {{An Inconvenient Truth: How Organizations Translate Climate Change into Business As Usual}},
	url = {http://amj.aom.org/cgi/doi/10.5465/amj.2015.0718},
	year = {2017}
}
